@article{FeynmanBottom,
  author = {Feynman, Richard},
  title = {There's plenty of room at the bottom},
  journal = {Engineering and Science},
  volume = {23},
  number = {5},
  pages = {22-36},
  year = {1960}
}

@book{Clausius,
  author = {Clausius, R.},
  title = {Die mechanische behandlung der electricit\"{a}t},
  publisher = {Vieweg+Teubner Verlag, Wiesbaden},
  year = {1879}
}

@article{Taniguchi_nano,
  author = {Taniguchi, Norio},
  title = {On the Basic Concept of Nanotechnology},
  journal = {Proceedings of the International Conference on Production Engineering, Tokyo},
  volume = {},
  number = {},
  pages = {18-23},
  year = {1974}
}

@article{Drexler,
  author = {Drexler, K. Eric},
  title = {Molecular engineering: an approach to the development of general capabilities for molecular manipulation},
  journal = {P. Natl. Acad. Sci. USA},
  volume = {78},
  number = {9},
  pages = {5275-5278},
  year = {1981}
}

@book{photonics,
  author = {Quimby, Richard S.},
  title = {Photonics and Lasers: an Introduction},
  publisher = {Wiley-Interscience},
  year= {2006},
  address = {Hoboken, NJ},
  isbn = {100471719749},
}

@article{ElSayedCancer,
  author = {Huang, Xiaohua and El-Sayed, Mostafa A.},
  title = {Plasmonic photo-thermal therapy ({PPTT})},
  journal = {Alexandria Journal of Medicine},
  volume = {47},
  number = {1},
  pages = {1-9},
  year = {2011}
}

@article{LiuCancer,
  author = {Chen, Chieh-Weh and Chan, Yung-Chieh and Hsiao, Michael and Liu, Ru-Shi},
  title = {Plasmon-enhanced photodynamic cancer therapy by upconversion nanoparticles conjugated with {A}u nanorods},
  journal = {ACS Appl. Mater. Interfaces},
  volume = {8},
  number = {47},
  pages = {32108-32119},
  year = {2016}
}

@article{Camden2017,
  author = {Gu, Xin and Wang, Huan and Camden, Jon P.},
  title = {Utilizing light-triggered plasmon-driven catalysis reactions as a template for molecular delivery and release},
  journal = {Chem. Sci.},
  volume = {8},
  number = {9},
  pages = {5902-5908},
  year = {2017}
}

@article{Atwater2014,
  author = {Sheldon, Matthew T. and van de Groep, Jorik and Brown, Ana M. and Polman, Albert and Atwater, Harry A.},
  title = {Plasmoelectric potentials in metal nanostructures},
  journal = {Science},
  volume = {346},
  number = {6211},
  pages = {828-831},
  year = {2014}
}

@article{WuSolar,
  author = {Cushing, Scott K. and Wu, Nianqiang},
  title = {Progress and perspectives of plasmon-enhanced solar energy conversion},
  journal = {J. Phys. Chem. Lett.},
  volume = {7},
  number = {4},
  pages = {666-675},
  year = {2016}
}

@article{vanDuyneSensing,
  author = {Anker, Jeffery N. and Hall, W. Paige and Lyandres, Olga and Shah, Nilam C. and Zhao, Jing and van Duyne, Richard P.},
  title = {Biosensing with plasmonic nanosensors},
  journal = {Nat. Mat.},
  volume = {7},
  number = {},
  pages = {442-453},
  year = {2008}
}

@inproceedings{Bezryadina2017,
author = {Anna Bezryadina and Junxiang Zhao and Joseph Ponsetto and Yang Xia and Xiang Zhang and Zhaowei Liu},
booktitle = {Optics in the Life Sciences Congress},
journal = {Optics in the Life Sciences Congress},
keywords = {Medical and biological imaging; Surface plasmons; Spatial resolution},
pages = {NTu1C.2},
publisher = {Optical Society of America},
title = {Localized Plasmonic Microscopy for High-resolution Biological Imaging},
year = {2017},
url = {http://www.osapublishing.org/abstract.cfm?URI=NTM-2017-NTu1C.2},
doi = {10.1364/NTM.2017.NTu1C.2},
abstract = {We developed localized plasmonic structure illumination microscopy (LPSIM) for super resolution imaging of biological specimens' movement. This method allows wide field of view biologically friendly high-speed imaging with 50nm resolution.},
}

@article{AluCloaking,
  author = {Guild, Matthew D. and Haberman, Michael R and Al\'{u}, Andrea},
  title = {Plasmonic cloaking and scattering cancelation for electromagnetic and acoustic waves},
  journal = {Wave Motion},
  volume = {48},
  number = {6},
  pages = {468-482},
  year = {2011}
}

@article{YeCloaking,
  author = {Wu, Dong and Liu, Yumin and Yu, Zhongyuan and Chen, Lei and Li, Ruifang and Ma, Rui and Liu, Chang and Zhang, Jinqiannan and Ye, Han},
  title = {Plasmonic metamaterial for electromagnetically induced transparency analogue and ultra-high figure of merit sensor},
  journal = {Sci. Rep.-UK},
  volume = {7},
  number = {45102},
  pages = {},
  year = {2017}
}

@article{MoloneyData,
  author = {Mansuripur, M. and Zakharian, A. R. and Lesuffleur, A. and Oh, Sang-Hyun and Jones, R. J. and Lindquist, N. C. and Im, Hyungsoon and Moloney, J. V.},
  title = {Plasmonic nano-structures for optical data storage},
  journal = {Opt. Express},
  volume = {17},
  number = {16},
  pages = {14001-14014},
  year = {2009}
}

@article{NaughtonData,
  author = {Merlo, Juan M. and Nesbitt, Nathan T. and Calm, Yitzi N. and Rose, Aaron H. and D'Imperio, Luke and Yang, Chaobin and Naughton, Jeffrey R. and Burns, Michael J. and Kempa, Kryzstof and Naughton, Michael J.},
  title = {Wireless communication system via nanoscale plasmonic antennas},
  journal = {Sci. Rep.-UK},
  volume = {6},
  number = {31710},
  pages = {},
  year = {2016}
}

@article{BohmPines1,
  author = {Bohm, David and Pines, David},
  title = {A collective description of electron interactions: {I}. Magnetic interactions},
  journal = {Phys. Rev.},
  volume = {82},
  number = {5},
  pages = {625-634},
  year = {1951}
}

@article{BohmPines2,
  author = {Bohm, David and Pines, David},
  title = {A collective description of electron interactions: {II}. Collective vs individual particle aspects of the interactions},
  journal = {Phys. Rev.},
  volume = {85},
  number = {2},
  pages = {338-353},
  year = {1952}
}

@article{BohmPines3,
  author = {Bohm, David and Pines, David},
  title = {A collective description of electron interactions: {III}. {C}oulomb interactions in a degenerate electron gas},
  journal = {Phys. Rev.},
  volume = {92},
  number = {3},
  pages = {609-625},
  year = {1953}
}

@article{PowellSwan,
  author = {Powell, C. J. and Swan, J. B.},
  title = {Origin of the characteristic electron energy losses in magnesium},
  journal = {Phys. Rev.},
  volume = {116},
  number = {1},
  pages = {81-83},
  year = {1959}
}

@article{SternFerrel,
  author = {Stern, E. A. and Ferrel, R. A.},
  title = {Surface plasma oscillations of a degenerate electron gas},
  journal = {Phys. Rev.},
  volume = {120},
  number = {1},
  pages = {130-136},
  year = {1960}
}

@article{Fujimoto,
  author = {Fujimoto, Fuminon and Komaki, Ken-ichiro},
  title = {Plasma oscillations excited by a fast electron in a metallic particle},
    journal = {J. Phys. Soc. Jpn.},
  volume = {25},
  number = {},
  pages = {1679-1687},
  year = {1968}
}

@article{Ritchie,
  author = {Crowell, Julian and Ritchie, R. H.},
  title = {Radiative decay of {C}oulomb-stimulated plasmons in spheres},
  journal = {Phys. Rev.},
  volume = {172},
  number = {3},
  pages = {436-440},
  year = {1968}
}

@article{stainedglass,
author = {Duncan, Kimberly A. and Johnson, Chris and McElhinny, Kyle and Ng, Steve and Cadwell, Katie D. and Zenner Peterson, Greta N. and Johnson, Angela and Horoszewski, Dana and Gentry, Ken and Lisenksy, George and Crone, Wendy C.},
title = {Art as an avenue to science literacy: teaching nanotechnology through stained glass},
journal = {J. Chem. Ed.},
volume = {87},
number = {10},
pages = {1031-1038},
year = {2010}
}

@article{MYPRISMS,
author = {Griffin, Sarah and Montoni, Nicholas P. and Li, Guoliang and Straney, Patrick J. and Millstone, Jill E. and Masiello, David J. and Camden, Jon P.},
title = {Imaging Energy Transfer in {P}t-Decorated {A}u Nanoprisms via Electron Energy-Loss Spectroscopy},
journal = {The Journal of Physical Chemistry Letters},
volume = {7},
number = {19},
pages = {3825-3832},
year = {2016},
doi = {10.1021/acs.jpclett.6b01878},
    note ={PMID: 27617864},

URL = { 
        https://doi.org/10.1021/acs.jpclett.6b01878
    
},
eprint = { 
        https://doi.org/10.1021/acs.jpclett.6b01878
    
}

}

    @article {Nie1997,
    author = { Nie, S. and Emory, S. R.},
    title = {Probing single molecules and single nanoparticles by surface-enhanced {R}aman scattering},
    journal = {Science},
    volume = {275},
    pages = {1102},
    year = {1997}
    }

    @article {Schlucker,
    author = { Schl\"{u}cker, S.},
    title = {Surface-Enhanced {R}aman Spectroscopy: Concepts and Chemical Applications},
    journal = {Angew. Chem., Int. Ed.},
    volume = {53},
    pages = {4756},
    year = {2014}
    }

    @article {SERS_1,
    author = { Sharma, B. and Frontiera, R. R. and Henry, A.-I. and Ringe, E. and Van Duyne, R. P.},
    title = {{SERS}: Materials, applications, and the future},
    journal = {Mater. Today},
    volume = {15},
    pages = {16},
    year = {2012}
    }

    @article {SERS_femto,
    author = { Frontiera, R. R. and Henry, A.-I. and Gruenke, N. L. and Van Duyne, R. P.},
    title = {Surface-enhanced femtosecond stimulated {R}aman spectroscopy},
    journal = {J. Phys. Chem. Lett.},
    volume = {2},
    pages = {1199},
    year = {2011}
    }

    @article {COINs,
    author = { Shachaf, C. M. and Elchuri, S. V. and Koh, A. L. and Zhu, J. and Nguyen, L. N. and Mitchell, D. J. and Zhang, J. and Swartz, K. B. and Sun, L. and Chan, S.},
    title = {A novel method for detection of phosphorylation in single cells by surface enhanced {R}aman scattering ({SERS}) using composite organic-inorganic nanoparticles ({COIN}s)},
    journal = {PLoS One},
    volume = {4},
    pages = {5206},
    year = {2009}
    }

    @article {PCCP,
    author = { GÃ¶eken, K. L. and Subramaniam, V. and Gill, R.},
    title = {Enhancing spectral shifts of plasmon-coupled noble metal nanoparticles for sensing applications},
    journal = {Phys. Chem. Chem. Phys.},
    volume = {17},
    pages = {422},
    year = {2015}
    }

    @article {SpecSense,
    author = { Willets, K. A. and Van Duyne, R. P.},
    title = {Localized surface plasmon resonance spectroscopy and sensing},
    journal = {Annu. Rev. Phys. Chem.},
    volume = {58},
    pages = {267},
    year = {2007}
    }

    @article {OPV,
    author = { Kim, S.-S. and Na, S.-I. and Jo, J. and Kim, D.-Y. and Nah, Y.-C.},
    title = {Plasmon enhanced performance of organic solar cells using electrodeposited Ag nanoparticles},
    journal = {Appl. Phys. Lett.},
    volume = {93},
    pages = {073307},
    year = {2008}
    }

    @article {waveguides,
    author = { Maier, S. A. and Kik, P. G. and Atwater, H. A. and Meltzer, S. and Harel, E. and Koel, B. E. and Requicha, A. A.},
    title = {Local detection of electromagnetic energy transport below the diffraction limit in metal nanoparticle plasmon waveguides},
    journal = {Nat. Mater.},
    volume = {2},
    pages = {229},
    year = {2003}
    }

    @article {SiSolar,
    author = {Pillai, S. and Catchpole, K. and Trupke, T. and Green, M.},
    title = {Surface plasmon enhanced silicon solar cells},
    journal = {J. Appl. Phys.},
    volume = {101},
    pages = {093105},
    year = {2007}
    }

    @article {RiceCrew,
    author = { Lal, S. and Hafner, J. H. and Halas, N. J. and Link, S. and Nordlander, P.},
    title = {Noble metal nanowires: from plasmon waveguides to passive and active devices},
    journal = {Acc. Chem. Res.},
    volume = {45},
    pages = {1887},
    year = {2012}
    }

    @article {aminothiophenol,
    author = { Xu, P. and Kang, L. and Mack, N. H. and Schanze, K. S. and Han, X. and Wang, H.-L.},
    title = {Mechanistic understanding of surface plasmon assisted catalysis on a single particle: Cyclic redox of 4-aminothiophenol},
    journal = {Sci. Rep.},
    volume = {3},
    pages = {2997},
    year = {2013}
    }

    @article {PtAuRods,
    author = { Zheng, Z. K. and Tachikawa, T. and Majima, T.},
    title = {Single-particle study of {P}t-modified {A}u nanorods for plasmon-enhanced hydrogen generation in visible to near-infrared region},
    journal = {J. Am. Chem. Soc.},
    volume = {136},
    pages = {6870},
    year = {2014}
    }

    @article {PtAuPrisms,
    author = { Lou, Z. and Fujitsuka, M. and Majima, T.},
    title = {{P}t-{A}u triangular nanoprisms with strong dipole plasmon resonance for hydrogen generation studied by single-particle spectroscopy},
    journal = {ACS Nano},
    volume = {10},
    pages = {6299},
    year = {2016}
    }

    @article {Halas2013,
    author = { Mukherjee, S. and Libisch, F. and Large, N. and Neumann, O. and Brown, L. V. and Cheng, J. and Lassiter, J. B. and Carter, E. A. and Nordlander, P. and Halas, N. J.},
    title = {Hot electrons do the impossible: Plasmon-induced dissociation of {H}$_2$ on {A}u},
    journal = {Nano Lett.},
    volume = {13},
    pages = {240},
    year = {2013}
    }

    @article {Linic,
    author = { Linic, S. and Christopher, P. and Ingram, D. B.},
    title = {Plasmonic-metal nanostructures for efficient conversion of solar to chemical energy},
    journal = {Nat. Mater.},
    volume = {10},
    pages = {911},
    year = {2011}
    }

    @article {nitrobenzenethiol,
    author = { Dong, B. and Fang, Y. and Chen, X. and Xu, H. and Sun, M.},
    title = {Substrate-, wavelength-, and time-dependent plasmon-assisted surface catalysis reaction of 4-nitrobenzenethiol dimerizing to p, p`-dimercaptoazobenzene on {A}u, {A}g, and {C}u films},
    journal = {Langmuir},
    volume = {27},
    pages = {10677},
    year = {2011}
    }

    @article {KimKimShin,
    author = { Kim, K. and Kim, K. L. and Shin, K. S.},
    title = {Photoreduction of 4, 4`-dimercaptoazobenzene on {A}g revealed by {R}aman scattering spectroscopy},
    journal = {Langmuir},
    volume = {29},
    pages = {183},
    year = {2013}
    }

    @article {watersplitting,
    author = { Ingram, D. B. and Linic, S.},
    title = {Water splitting on composite plasmonic-metal/semiconductor photoelectrodes: Evidence for selective plasmon-induced formation of charge carriers near the semiconductor surface},
    journal = {J. Am. Chem. Soc.},
    volume = {133},
    pages = {5202},
    year = {2011}
    }

    @article {photoanodes,
    author = { Lee, J. and Mubeen, S. and Ji, X. and Stucky, G. D. and Moskovits, M.},
    title = {Plasmonic Photoanodes for Solar Water Splitting with Visible Light},
    journal = {Nano Lett.},
    volume = {12},
    pages = {5014},
    year = {2012}
    }

    @article {Thimsen,
    author = { Warren, S. C. and Thimsen, E.},
    title = {Plasmonic solar water splitting},
    journal = {Energy Environ. Sci.},
    volume = {5},
    pages = {5133},
    year = {2012}
    }

    @article {Cronin,
    author = { Hou, W. and Hung, W. H. and Pavaskar, P. and Goeppert, A. and Aykol, M. and Cronin, S. B.},
    title = {Photocatalytic conversion of {CO}$_2$ to hydrocarbon fuels via plasmon-enhanced absorption and metallic interband transitions},
    journal = {ACS Catal.},
    volume = {1},
    pages = {929},
    year = {2011}
    }

    @article {LinicSilver,
    author = { Christopher, P. and Xin, H. and Linic, S.},
    title = {Visible-light-enhanced catalytic oxidation reactions on plasmonic silver nanostructures},
    journal = {Nat. Chem.},
    volume = {3},
    pages = {467},
    year = {2011}
    }

    @article {Weaver,
    author = { Weaver, J. H.},
    title = {Optical-properties of {R}h, {P}d, {I}r, and {P}t},
    journal = {Phys. Rev. B},
    volume = {11},
    pages = {1416},
    year = {1975}
    }

    @article {LinicCharge,
    author = { Boerigter, C. and Aslam, U. and Linic, S.},
    title = {Mechanism of charge transfer from plasmonic nanostructures to chemically attached materials},
    journal = {ACS Nano},
    volume = {10},
    pages = {6108},
    year = {2016}
    }

    @article {LinicDominant,
    author = { Boerigter, C. and Campana, R. and Morabito, M. and Linic, S.},
    title = {Evidence and implications of direct charge excitation as the dominant mechanism in plasmon-mediated photocatalysis},
    journal = {Nat. Commun.},
    volume = {7},
    pages = {10545},
    year = {2016}
    }

    @article {RingeHetero,
    author = { Swearer, D. F. and Zhao, H. and Zhou, L. and Zhang, C. and Robatjazi, H. and Martirez, J. M. P. and Krauter, C. M. and Yazdi, S. and McClain, M. J. and Ringe, E.},
    title = {Heterometallic antenna-reactor complexes for photocatalysis},
    journal = {Proc. Natl. Acad. Sci. U. S. A.},
    volume = {113},
    pages = {8916},
    year = {2016}
    }

    @article {YanSuzuki,
    author = { Wang, F. and Li, C. and Chen, H. and Jiang, R. and Sun, L.-D. and Li, Q. and Wang, J. and Yu, J. C. and Yan, C.-H.},
    title = {Plasmonic harvesting of light energy for {S}uzuki coupling reactions},
    journal = {J. Am. Chem. Soc.},
    volume = {135},
    pages = {5588},
    year = {2013}
    }

    @article {CubeSubstrate,
    author = { Li, G. L. and Cherqui, C. and Bigelow, N. W. and Duscher, G. and Straney, P. J. and Millstone, J. E. and Masiello, D. J. and Camden, J. P.},
    title = {Spatially mapping energy transfer from single plasmonic particles to semiconductor substrates via {STEM/EELS}},
    journal = {Nano Lett.},
    volume = {15},
    pages = {3465},
    year = {2015}
    }

    @article {Alloys,
    author = { Wu, Y. Y. and Li, G. L. and Cherqui, C. and Bigelow, N. W. and Thakkar, N. and Masiello, D. J. and Camden, J. P. and Rack, P. D.},
    title = {Electron energy loss spectroscopy study of the full plasmonic spectrum of self-assembled {A}u-{A}g alloy nanoparticles: Unraveling size, composition, and substrate effects},
    journal = {ACS Photonics},
    volume = {3},
    pages = {130},
    year = {2016}
    }

    @article {RingeTips,
    author = { Ringe, E. and DeSantis, C. J. and Collins, S. M. and Duchamp, M. and Dunin-Borkowski, R. E. and Skrabalak, S. E. and Midgley, P. A.},
    title = {Resonances of nanoparticles with poor plasmonic metal tips},
    journal = {Sci. Rep.},
    volume = {5},
    pages = {17431},
    year = {2015}
    }

    @article {MillstoneSeedless,
    author = { Straney, P. J. and Andolina, C. M. and Millstone, J. E.},
    title = {Seedless initiation as an efficient, sustainable route to anisotropic gold nanoparticles},
    journal = {Langmuir},
    volume = {29},
    pages = {4396},
    year = {2013}
    }

    @article{MillstoneIodide,
    author = {Millstone, Jill E. and Wei, Wei and Jones, Matthew R. and Yoo, Hyojong and Mirkin, Chad A.},
    title = {Iodide ions control seed-mediated growth of anisotropic gold nanoparticles},
    journal = {Nano Lett.},
    volume = {8},
    number = {8},
    pages = {2526-2529},
    year = {2008},   
    }


    @article {MillstonePtAu,
    author = { Straney, P. J. and Marbella, L. E. and Andolina, C. M. and Nuhfer, N. T. and Millstone, J. E.},
    title = {Decoupling mechanisms of platinum deposition on colloidal gold nanoparticle substrates},
    journal = {J. Am. Chem. Soc.},
    volume = {136},
    pages = {7873},
    year = {2014}
    }

    @article {ColliexMapping,
    author = { Nelayah, J. and Kociak, M. and Stephan, O. and de Abajo, F. J. G. and Tence, M. and Henrard, L. and Taverna, D. and Pastoriza-Santos, I. and Liz-Marzan, L. M. and Colliex, C.},
    title = {Mapping surface plasmons on a single metallic nanoparticle},
    journal = {Nat. Phys.},
    volume = {3},
    pages = {348},
    year = {2007}
    }

    @article {ColliexEELS,
    author = { Nelayah, J. and StÃ©phan, O. and Kociak, M. and de Abajo, F. G. and Henrard, L. and Pastoriza-Santos, I. and Liz-MarzÃ¡n, L. and Colliex, C.},
    title = {Mapping surface plasmons on a single metallic nanoparticle using sub-nm resolved {EELS} spectrum-imaging},
    journal = {Microsc. Microanal.},
    volume = {13},
    pages = {144},
    year = {2007}
    }

    @article {HohenesterDisk,
    author = { Schmidt, F. P. and Ditlbacher, H. and Hofer, F. and Krenn, J. R. and Hohenester, U.},
    title = {Morphing a plasmonic nanodisk into a nanotriangle},
    journal = {Nano Lett.},
    volume = {14},
    pages = {4810},
    year = {2014}
    }

    @article {Nanodecahedra,
    author = { Myroshnychenko, V. and Nelayah, J. and Adamo, G. and Geuquet, N. and RodrÃ­guez-FernÃ¡ndez, J. and Pastoriza-Santos, I. and MacDonald, K. F. and Henrard, L. and Liz-MarzÃ¡n, L. M. and Zheludev, N. I.},
    title = {Plasmon spectroscopy and imaging of individual gold nanodecahedra: a combined optical microscopy, cathodoluminescence, and electron energy-loss spectroscopy study},
    journal = {Nano Lett.},
    volume = {12},
    pages = {4172},
    year = {2012}
    }

    @article {Decahedra,
    author = { Rodriguez-Fernandez, J. and Novo, C. and Myroshnychenko, V. and Funston, A. M. and Sanchez-Iglesias, A. and Pastoriza-Santos, I. and Perez-Juste, J. and de Abajo, F. J. G. and Liz-Marzan, L. M. and Mulvaney, P.},
    title = {Spectroscopy, imaging, and modeling of individual gold decahedra},
    journal = {J. Phys. Chem. C},
    volume = {113},
    pages = {18623},
    year = {2009}
    }

    @article {Quillin,
    author = { Quillin, S. C. and Cherqui, C. and Montoni, N. P. and Li, G. and Camden, J. P. and Masiello, D. J.},
    title = {Imaging plasmon hybridization in metal nanoparticle aggregates with electron energy-loss spectroscopy},
    journal = {J. Phys. Chem. C},
    volume = {},
    pages = {},
    year = {2016}
    }

    @article {Zohar,
    author = { Zohar, N. and Chuntonov, L. and Haran, G.},
    title = {The simplest plasmonic molecules: Metal nanoparticle dimers and trimers},
    journal = {J. Photochem. Photobiol., C},
    volume = {21},
    pages = {26},
    year = {2014}
    }

    @article {Aluminum,
    author = { McClain, M. J. and Schlather, A. E. and Ringe, E. and King, N. S. and Liu, L. and Manjavacas, A. and Knight, M. W. and Kumar, I. and Whitmire, K. H. and Everitt, H. O.},
    title = {Aluminum nanocrystals},
    journal = {Nano Lett.},
    volume = {15},
    pages = {2751},
    year = {2015}
    }

    @article {AluminumHydrogen,
    author = { Zhou, L. and Zhang, C. and McClain, M. J. and Manjavacas, A. and Krauter, C. M. and Tian, S. and Berg, F. and Everitt, H. O. and Carter, E. A. and Nordlander, P.},
    title = {Aluminum nanocrystals as a plasmonic photocatalyst for hydrogen dissociation},
    journal = {Nano Lett.},
    volume = {16},
    pages = {1478},
    year = {2016}
    }

    @article {NordHalAluminum,
    author = { Knight, M. W. and King, N. S. and Liu, L. and Everitt, H. O. and Nordlander, P. and Halas, N. J.},
    title = {Aluminum for plasmonics},
    journal = {ACS Nano},
    volume = {8},
    pages = {834},
    year = {2014}
    }

    @article {Segall,
    author = { Ehrenreich, H. and Philipp, H. and Segall, B.},
    title = {Optical properties of aluminum},
    journal = {Phys. Rev.},
    volume = {132},
    pages = {1918},
    year = {1963}
    }

    @article {Salvarezza,
    author = { Vericat, C. and Vela, M. E. and Benitez, G. and Carro, P. and Salvarezza, R. C.},
    title = {Self-Assembled Monolayers of Thiols and Dithiols on Gold: New Challenges for a Well-Known System},
    journal = {Chem. Soc. Rev.},
    volume = {39},
    pages = {1805},
    year = {2010}
    }

    @article {JC,
    author = { Johnson, P. B. and Christy, R.-W.},
    title = {Optical Constants of the Noble Metals},
    journal = {Phys. Rev. B},
    volume = {6},
    pages = {4370},
    year = {1972}
    }

    @article {Rakic,
    author = { RakiÄ, A. D. and DjuriÅ¡iÄ, A. B. and Elazar, J. M. and Majewski, M. L.},
    title = {Optical Properties of Metallic Films for Vertical-Cavity Optoelectronic Devices},
    journal = {Appl. Opt.},
    volume = {37},
    pages = {5271},
    year = {1998}
    }

    
@article{Schatz2003,
author = {Haynes, Christy L. and McFarland, Adam D. and Zhao, LinLin and Van Duyne, Richard P. and Schatz, George C. and Gunnarsson, Linda and Prikulis, Juris and Kasemo, Bengt and K{\"a}ll, Mikael},
title = {Nanoparticle optics: the importance of radiative dipole coupling in two-dimensional nanoparticle arrays},
journal = {J. Phys. Chem. B},
volume = {107},
number = {30},
pages = {7337-7342},
year = {2003},
doi = {10.1021/jp034234r},

URL = { 
        http://dx.doi.org/10.1021/jp034234r
    
},
eprint = { 
        http://dx.doi.org/10.1021/jp034234r}}

@article{Royer2005,
author = {Bouhelier, Alexandre and Bachelot, Renaud and Im, Jin Seo and Wiederrecht, Gary P. and Lerondel, Gilles and Kostcheev, Sergei and Royer, Pascal},
title = {Electromagnetic interactions in plasmonic nanoparticle arrays},
journal = {J. Phys. Chem. B},
volume = {109},
number = {8},
pages = {3195-3198},
year = {2005},
doi = {10.1021/jp046224b},

URL = { 
        http://dx.doi.org/10.1021/jp046224b
    
},
eprint = { 
        http://dx.doi.org/10.1021/jp046224b}}

@article{vonPlessen2007,
author = {Dahmen, Christian and Schmidt, Benjamin and von Plessen, Gero},
title = {Radiation damping in metal nanoparticle pairs},
journal = {Nano Lett.},
volume = {7},
number = {2},
pages = {318-322},
year = {2007},
doi = {10.1021/nl062377u},

URL = { 
        http://dx.doi.org/10.1021/nl062377u
    
},
eprint = { 
        http://dx.doi.org/10.1021/nl062377u}}

@Article{Abajo2008,
author ="Myroshnychenko, Viktor and Rodriguez-Fernandez, Jessica and Pastoriza-Santos, Isabel and Funston, Alison M. and Novo, Carolina and Mulvaney, Paul and Liz-Marzan, Luis M. and Garcia de Abajo, F. Javier",
title  ="Modelling the optical response of gold nanoparticles",
journal  ="Chem. Soc. Rev.",
year  ="2008",
volume  ="37",
issue  ="9",
pages  ="1792-1805",
publisher  ="The Royal Society of Chemistry",
doi  ="10.1039/B711486A",
url  ="http://dx.doi.org/10.1039/B711486A",}

@article{Chumanov2010,
author = {Kinnan, Mark K. and Chumanov, George},
title = {Plasmon coupling in two-dimensional arrays of silver nanoparticles: {II}. Effect of the particle size and interparticle distance},
journal = {J. Phys. Chem. C},
volume = {114},
number = {16},
pages = {7496-7501},
year = {2010},
doi = {10.1021/jp911411x},

URL = { 
        http://dx.doi.org/10.1021/jp911411x
    
},
eprint = { 
        http://dx.doi.org/10.1021/jp911411x
    
}

}

@article{Rechbacher2003,
title = "Optical properties of two interacting gold nanoparticles ",
journal = "Opt. Commun.",
volume = "220",
number = "1-3",
pages = "137-141",
year = "2003",
note = "",
issn = "0030-4018",
doi = "http://dx.doi.org/10.1016/S0030-4018(03)01357-9",
url = "http://www.sciencedirect.com/science/article/pii/S0030401803013579",
author = "W. Rechberger and A. Hohenau and A. Leitner and J.R. Krenn and B. Lamprecht and F.R. Aussenegg",
keywords = "Gold nanoparticles",
keywords = "Optical properties ",
}

@article{Purcell1973,
title = {Scattering and absorption of light by nonspherical dielectric grains},
author = {Purcell, E. M. and Pennypacker, C. R.},
journal = {Astrophys. J.},
volume = {186},
pages = {705-714},
numpages = {10},
year = {1973},
month = {Dec},
publisher = {The American Astronomical Society},
url = {http://adsabs.harvard.edu/abs/1973ApJ...186..705P},
doi = {10.1086/152538},
}

@article{Lucas1976,
  title = {Aggregation effect on the infrared absorption spectrum of small ionic crystals},
  author = {Clippe, P. and Evrard, R. and Lucas, A. A.},
  journal = {Phys. Rev. B},
  volume = {14},
  issue = {4},
  pages = {1715-1721},
  numpages = {6},
  year = {1976},
  month = {Aug},
  publisher = {American Physical Society},
  doi = {10.1103/PhysRevB.14.1715},
  url = {http://link.aps.org/doi/10.1103/PhysRevB.14.1715},
}

@article{KREIBIG1985,
title = "Optical absorption of small metallic particles",
journal = "Surf. Sci.",
volume = "156",
number = "",
pages = "678-700",
year = "1985",
note = "",
issn = "0039-6028",
doi = "http://dx.doi.org/10.1016/0039-6028(85)90239-0",
url = "http://www.sciencedirect.com/science/article/pii/0039602885902390",
author = "U. Kreibig and L. Genzel",

}

@article{Gu2010,
  author={Mark D Turner and Md Muntasir Hossain and Min Gu},
  title={The effects of retardation on plasmon hybridization within metallic nanostructures},
  journal={New J. Phys.},
  volume={12},
  number={8},
  pages={083062},
  url={http://stacks.iop.org/1367-2630/12/i=8/a=083062},
  year={2010},

}

@article{Kottman2001, 
author = {J\"{o}rg P. Kottmann and Olivier J. F. Martin}, 
journal = {Opt. Lett.}, 
keywords = {All-optical devices; Polaritons; Surface plasmons; Metal optics ; Scattering, Raman; Micro-optics},
number = {14}, 
pages = {1096-1098}, 
publisher = {OSA},
title = {Retardation-induced plasmon resonances in coupled nanoparticles}, 
Ivolume = {26}, 
month = {Jul},
year = {2001},
url = {http://ol.osa.org/abstract.cfm?URI=ol-26-14-1096},
doi = {10.1364/OL.26.001096},
}

@article{ARAVIND1981,
title = "The interaction between electromagnetic resonances and its role in spectroscopic studies of molecules adsorbed on colloidal particles or metal spheres",
journal = "Surf. Sci.",
volume = "110",
number = "1",
pages = "189-204",
year = "1981",
note = "",
issn = "0039-6028",
doi = "http://dx.doi.org/10.1016/0039-6028(81)90595-1",
url = "http://www.sciencedirect.com/science/article/pii/0039602881905951",
author = "P.K. Aravind and Abraham Nitzan and Horia Metiu",

}

@article{Xu1995, 
author = {Yu Xu}, 
journal = {Appl. Opt.}, 
keywords = {},
number = {21}, 
pages = {4573-4588}, 
publisher = {OSA},
title = {Electromagnetic scattering by an aggregate of spheres}, 
volume = {34}, 
month = {Jul},
year = {1995},
url = {http://ao.osa.org/abstract.cfm?URI=ao-34-21-4573},
doi = {10.1364/AO.34.004573},

}

@article{Mischenko1995, 
author = {Michael I. Mishchenko and Daniel W. Mackowski and Larry D. Travis}, 
journal = {Appl. Opt.}, 
keywords = {},
number = {21}, 
pages = {4589-4599}, 
publisher = {OSA},
title = {Scattering of light by bispheres with touching and separated components}, 
volume = {34}, 
month = {Jul},
year = {1995},
url = {http://ao.osa.org/abstract.cfm?URI=ao-34-21-4589},
doi = {10.1364/AO.34.004589},

}

@book{jackson_classical_1999,
  added-at = {2009-07-03T16:37:22.000+0200},
  address = {New York, {NY}},
  author = {Jackson, John David},
  biburl = {http://www.bibsonomy.org/bibtex/2baac05176a92886bbe1eae5ee72cf234/cernlibrary},
  edition = {3rd ed.},
  interhash = {05096e24942ceab2a2e9f0d35a45183a},
  intrahash = {baac05176a92886bbe1eae5ee72cf234},
  isbn = {9780471309321},
  keywords = {Fields Maxwell SummerStudentReadList09 book collisions electromagnetic electrostatic equations magnetostatics particle physics radiation relativity special waves},
  lccn = {538.3537.8},
  publisher = {Wiley},
  timestamp = {2009-07-24T15:58:21.000+0200},
  title = {Classical Electrodynamics},
  url = {http://cdsweb.cern.ch/record/490457},
  year = {1999},
}


@article{Hohenester2012,
title = "{MNPBEM} - A matlab toolbox for the simulation of plasmonic nanoparticles ",
journal = "Comp. Phys. Comm.",
volume = "183",
number = "2",
pages = "370-381",
year = "2012",
note = "",
issn = "0010-4655",
doi = "http://dx.doi.org/10.1016/j.cpc.2011.09.009",
url = "http://www.sciencedirect.com/science/article/pii/S0010465511003274",
author = "Ulrich Hohenester and Andreas Tr{\"u}gler",
keywords = "Plasmonics",
keywords = "Metallic nanoparticles",
keywords = "Boundary element method",
}



@article{Alu2006, 
author = {A. Al\`{u} and A. Salandrino and N. Engheta}, 
journal = {Opt. Express}, 
keywords = {Metals; Optical materials},
number = {4}, 
pages = {1557-1567}, 
publisher = {OSA},
title = {Negative effective permeability and left-handed materials at optical frequencies}, 
volume = {14}, 
month = {Feb},
year = {2006},
url = {http://www.opticsexpress.org/abstract.cfm?URI=oe-14-4-1557},
doi = {10.1364/OE.14.001557},
}

@article{Alu2008,
  title = {Dynamical theory of artificial optical magnetism produced by rings of plasmonic nanoparticles},
  author = {Al\`u, Andrea and Engheta, Nader},
  journal = {Phys. Rev. B},
  volume = {78},
  issue = {8},
  pages = {085112},
  numpages = {10},
  year = {2008},
  month = {Aug},
  publisher = {American Physical Society},
  doi = {10.1103/PhysRevB.78.085112},
  url = {http://link.aps.org/doi/10.1103/PhysRevB.78.085112},
}

@article{Liu2011,
author = {Mario Hentschel and Daniel Dregely and Ralf Vogelgesang and Harald Giessen and Na Liu},
title = {Plasmonic oligomers: the role of individual particles in collective behavior},
journal = {ACS Nano},
volume = {5},
number = {3},
pages = {2042-2050},
year = {2011},
doi = {10.1021/nn103172t},

URL = { http://dx.doi.org/10.1021/nn103172t},
eprint = {http://dx.doi.org/10.1021/nn103172t},
}

@article{Nord2006,
  title={Plasmon modes of nanosphere trimers and quadrumers},
  author={Brandl, Daniel W and Mirin, Nikolay A and Nordlander, Peter},
  journal={J. Phys. Chem. B},
  volume={110},
  number={25},
  pages={12302-12310},
  year={2006},
  publisher={ACS Publications},
}


@article{Qian2015,
  title={Raspberry-like metamolecules exhibiting strong magnetic resonances},
  author={Qian, Zhaoxia and Hastings, Simon P and Li, Chen and Edward, Brian and McGinn, Christine K and Engheta, Nader and Fakhraai, Zahra and Park, So-Jung},
  journal={ACS Nano},
  volume={9},
  number={2},
  pages={1263-1270},
  year={2015},
  publisher={ACS Publications},
}

@article{Nord2007,
  title={Plasmonic nanoclusters: a path towards negative-index metafluids},
  author={Urzhumov, Yaroslav A and Shvets, Gennady and Fan, Jonathan A and Capasso, Federico and Brandl, Daniel and Nordlander, Peter},
  journal={Opt. Express},
  volume={15},
  number={21},
  pages={14129-14145},
  year={2007},
  publisher={Optical Society of America},
}

@article{NordHal2011,
  title={Magnetic plasmon formation and propagation in artificial aromatic molecules},
  author={Liu, Na and Mukherjee, Shaunak and Bao, Kui and Brown, Lisa V and Dorfm{\"u}ller, Jens and Nordlander, Peter and Halas, Naomi J},
  journal={Nano Lett.},
  volume={12},
  number={1},
  pages={364-369},
  year={2011},
  publisher={ACS Publications},
}

@article{NordHal2012,
  title={Manipulating magnetic plasmon propagation in metallic nanocluster networks},
  author={Liu, Na and Mukherjee, Shaunak and Bao, Kui and Li, Yang and Brown, Lisa V and Nordlander, Peter and Halas, Naomi J},
  journal={ACS Nano},
  volume={6},
  number={6},
  pages={5482-5488},
  year={2012},
  publisher={ACS Publications},
}

@article{Cherqui2014,
  title={Combined tight-binding and numerical electrodynamics understanding of the {STEM/EELS} magneto-optical responses of aromatic plasmon-supporting metal oligomers},
  author={Cherqui, Charles and Bigelow, Nicholas W and Vaschillo, Alex and Goldwyn, Harrison and Masiello, David J},
  journal={ACS Photonics},
  volume={1},
  number={10},
  pages={1013-1024},
  year={2014},
  publisher={ACS Publications},
}

@article{Noginova2008trans,
  title={Magnetic dipole based systems for probing optical magnetism},
  author={Noginova, N and Zhu, G and Mavy, M and Noginov, MA},
  journal={J. Appl. Phys.},
  volume={103},
  number={7},
  pages={07E901},
  year={2008},
  publisher={AIP Publishing},
}

@article{Zia2010trans,
  title={Strong enhancement of magnetic dipole emission in a multilevel electronic system},
  author={Karaveli, Sinan and Zia, Rashid},
  journal={Opt. Lett.},
  volume={35},
  number={20},
  pages={3318-3320},
  year={2010},
  publisher={Optical Society of America},
}

@article{Zhang2006,
  title = {Magnetic plasmon propagation along a chain of connected subwavelength resonators at infrared frequencies},
  author = {Liu, H. and Genov, D. A. and Wu, D. M. and Liu, Y. M. and Steele, J. M. and Sun, C. and Zhu, S. N. and Zhang, X.},
  journal = {Phys. Rev. Lett.},
  volume = {97},
  issue = {24},
  pages = {243902},
  numpages = {4},
  year = {2006},
  month = {Dec},
  publisher = {American Physical Society},
  doi = {10.1103/PhysRevLett.97.243902},
  url = {http://link.aps.org/doi/10.1103/PhysRevLett.97.243902},
}

@article{Zhang2007,
  title = {Magnetic plasmon hybridization and optical activity at optical frequencies in metallic nanostructures},
  author = {Liu, H. and Genov, D. A. and Wu, D. M. and Liu, Y. M. and Liu, Z. W. and Sun, C. and Zhu, S. N. and Zhang, X.},
  journal = {Phys. Rev. B},
  volume = {76},
  issue = {7},
  pages = {073101},
  numpages = {4},
  year = {2007},
  month = {Aug},
  publisher = {American Physical Society},
  doi = {10.1103/PhysRevB.76.073101},
  url = {http://link.aps.org/doi/10.1103/PhysRevB.76.073101},
}

@article{Shalaev2007,
  title={Optical negative-index metamaterials},
  author={Shalaev, Vladimir M},
  journal={Nat. Photonics},
  volume={1},
  number={1},
  pages={41-48},
  year={2007},
  publisher={Nature Publishing Group},
}

@article{Oubre2004,
author = {Nordlander, P. and Oubre, C. and Prodan, E. and Li, K. and Stockman, M. I.},
title = {Plasmon hybridization in nanoparticle dimers},
journal = {Nano Lett.},
volume = {4},
number = {5},
pages = {899-903},
year = {2004},
doi = {10.1021/nl049681c},
URL = {http://dx.doi.org/10.1021/nl049681c},
eprint = {http://dx.doi.org/10.1021/nl049681c}}

@article{Gomez2009,
  title = {Designing plasmonic systems using optical coupling between nanoparticles},
  author = {Davis, T. J. and Vernon, K. C. and G\'omez, D. E.},
  journal = {Phys. Rev. B},
  volume = {79},
  issue = {15},
  pages = {155423},
  numpages = {10},
  year = {2009},
  month = {Apr},
  publisher = {American Physical Society},
  doi = {10.1103/PhysRevB.79.155423},
  url = {http://link.aps.org/doi/10.1103/PhysRevB.79.155423}}

@article{NordProdan2004,
   author = "Prodan, E. and Nordlander, P.",
   title = "Plasmon hybridization in spherical nanoparticles",
   journal = "J. of Chem. Phys.",
   year = "2004",
   volume = "120",
   number = "11", 
   pages = "5444-5454",
   url = "http://scitation.aip.org/content/aip/journal/jcp/120/11/10.1063/1.1647518",
   doi = "http://dx.doi.org/10.1063/1.1647518" 
}

@article {NordHal2003,
	author = {Prodan, E. and Radloff, C. and Halas, N. J. and Nordlander, P.},
	title = {A hybridization model for the plasmon response of complex nanostructures},
	volume = {302},
	number = {5644},
	pages = {419-422},
	year = {2003},
	doi = {10.1126/science.1089171},
	publisher = {American Association for the Advancement of Science},
	issn = {0036-8075},
	URL = {http://science.sciencemag.org/content/302/5644/419},
	eprint = {http://science.sciencemag.org/content/302/5644/419.full.pdf},
	journal = {Science}
}

@ARTICLE{kogan2011,
   author = {{Kadirko}, V. and {Ziegler}, K. and {Kogan}, E.},
    title = "{Next-nearest-neighbor tight-binding model of plasmons in graphene}",
  journal = {ArXiv e-prints},
archivePrefix = "{arXiv}",
   eprint = {1111.0615},
 primaryClass = "{cond-mat.mes-hall}",
 keywords = {Condensed Matter - Mesoscale and Nanoscale Physics},
     year = {2011},
    month = {nov},
   adsurl = {http://adsabs.harvard.edu/abs/2011arXiv1111.0615K},
  adsnote = {Provided by the SAO/NASA Astrophysics Data System}
}

@article{odom_lasing,
author = {{Yang}, A. and {Hoang}, T. B. and {Dridi}, M. and {Deeb}, C. and {Mikkelson}, M. H. and {Schatz}, G. C. and {Odom}, T. W.},
title = "{Real-time tunable lasing from plasmonic nanocavity arrays}",
journal = {Nat. Comm.},
year = {2015},
volume = {6},
pages = {6939},
}

@article{novoselov2012,
author = {{Grigorenko}, A. N. and {Polini}, M. and {Novoselov}, K. S.},
title = "{Graphene plasmonics}",
journal = {Nat. Photon},
year = {2012},
volume = {6},
issue = {11},
pages = {749--758},
}


@article{Cherqui2016,
author = {Cherqui, Charles and Wu, Yueying and Li, Guoliang and Quillin, Steven C. and Busche, Jacob A. and Thakkar, Niket and West, Claire A. and Montoni, Nicholas P. and Rack, Philip D. and Camden, Jon P. \
and Masiello, David J.},
title = {{STEM/EELS} imaging of magnetic hybridization in symmetric and symmetry-broken plasmon oligomer dimers and all-magnetic {F}ano interference},
journal = {Nano Lett.},
volume = {16},
number = {10},
pages = {6668-6676},
year = {2016},
doi = {10.1021/acs.nanolett.6b03504},
URL = {
        http://dx.doi.org/10.1021/acs.nanolett.6b03504},
eprint = {
        http://dx.doi.org/10.1021/acs.nanolett.6b03504}
}

@article{Engheta2017,
author = {Greybush, Nicholas J. and Liberal, I\~nigo and Malassis, Ludivine and Kikkawa, James M. and Engheta, Nader and Murray, Christopher B. and Kagan, Cherie R.},
title = {Plasmon resonances in self-assembled two-dimensional {A}u nanocrystal metamolecules},
journal = {ACS Nano},
volume = {11},
number = {3},
pages = {2917-2927},
year = {2017},
doi = {10.1021/acsnano.6b08189},


URL = {
        http://dx.doi.org/10.1021/acsnano.6b08189

},
eprint = {
        http://dx.doi.org/10.1021/acsnano.6b08189

}

}

@article{Ginger2017,
author = {Qian, Zhaoxia and Guye, Kathryn N. and Masiello, David J. and Ginger, David S.},
title = {Dynamic optical switching of polymer/plasmonic nanoparticle hybrids with sparse loading},
journal = {J. Phys. Chem. B},
volume = {121},
number = {5},
pages = {1092-1099},
year = {2017},
doi = {10.1021/acs.jpcb.7b00013},


URL = {
        http://dx.doi.org/10.1021/acs.jpcb.7b00013

},
eprint = {
        http://dx.doi.org/10.1021/acs.jpcb.7b00013

}

}


@article{DanLuo2009,
author = {Cheng, Wenlong and Campolongo, Michael J. and Cha, Judy J. and Tan, Shawn J. and Umbach, Christopher C. and Muller, David A. and Luo, Dan},
title = {Free-standing nanoparticle superlattice sheets controlled by DNA},
journal = {Nat. Mat.},
year = {2009},
volume = {8},
issue = {6},
pages = {519-525},
URL = {http://dx.doi.org/10.1038/nmat2440},
}

@article {NaLiu2017,
        author = {Kuzyk, Anton and Urban, Maximilian J. and Idili, Andrea and Ricci, Francesco and Liu, Na},
        title = {Selective control of reconfigurable chiral plasmonic metamolecules},
        volume = {3},
        number = {4},
        year = {2017},
        doi = {10.1126/sciadv.1602803},
        publisher = {American Association for the Advancement of Science},
        URL = {http://advances.sciencemag.org/content/3/4/e1602803},
        eprint = {http://advances.sciencemag.org/content/3/4/e1602803.full.pdf},
        journal = {Sci. Adv.}
}

@article{Pinchuk2016,
author = {Kravets, Vira V. and Pinchuk, Anatoliy O.},
title = {Near-, middle-, and far-field dipolar interactions in gold nanoparticle arrays},
journal = {Proc. SPIE},
volume = {9724},
number = {},

year = {2016},
doi = {10.1117/12.2213004},
URL = { http://dx.doi.org/10.1117/12.2213004},
}

@article{Draine1993,
   author = {{Draine}, B. T. and {Goodman}, J.},
    title = "{Beyond Clausius-Mossotti - wave propagation on a polarizable point lattice and the discrete dipole approximation}",
  journal = {Astrophys. J.},
     year = {1993},
   volume = {405},
    pages = {685-697},
      doi = {10.1086/172396},
   adsurl = {http://adsabs.harvard.edu/abs/1993ApJ...405..685D},
  adsnote = {Provided by the SAO/NASA Astrophysics Data System}
}

@article{Shalaev2008,
author = {{Shalaev}, V.~M.},
title = "{Transforming light}",
journal = {Science},
year = 2008,
url = {http://docs.lib.purdue.edu/nanopub/101},
volume = 322,
pages = {376-379}}

@article {Fang2005,
        author = {Fang, Nicholas and Lee, Hyesog and Sun, Cheng and Zhang, Xiang},
        title = {Sub-diffraction-limited optical imaging with a silver superlens},
        volume = {308},
        number = {5721},
        pages = {534--537},
        year = {2005},
        doi = {10.1126/science.1108759},
        publisher = {American Association for the Advancement of Science},
        issn = {0036-8075},
        URL = {http://science.sciencemag.org/content/308/5721/534},
        eprint = {http://science.sciencemag.org/content/308/5721/534.full.pdf},
        journal = {Science}
}


@article{Valentine2008,
author = {{Valentine}, J. and {Zhang}, S. and {Zentgraf}, T. and {Ulin-Avila}, E. and {Genov}, D.~A. and {Bartal}, G. and {Zhang}, X.},
title = {Three-dimensional optical metamaterial with a negative refractive index},
journal = {Nature},
year = 2008,
volume = 455,
issue = 7211,
pages = {376-379},
punlisher = {Macmillan Publishers Limited. All rights reserved},
url =  {http://dx.doi.org/10.1038/nature07247}}

@article{Dionne2016,
author = {Scholl, Jonathan A. and Garc\'{i}a-Etxarri, Aitzol and Aguirregabiria, Garikoitz and Esteban, Ruben and Narayan, Tarun C. and Koh, Ai Leen and Aizpurua, Javier and Dionne, Jennifer A.},
title = {Evolution of plasmonic metamolecule modes in the quantum tunneling regime},
journal = {ACS Nano},
volume = {10},
number = {1},
pages = {1346-1354},
year = {2016},
doi = {10.1021/acsnano.5b06738},
URL = {
        http://dx.doi.org/10.1021/acsnano.5b06738

},
eprint = {
        http://dx.doi.org/10.1021/acsnano.5b06738
}}

@article{Weick2013,
  title = {Dirac-like plasmons in honeycomb lattices of metallic nanoparticles},
  author = {Weick, Guillaume and Woollacott, Claire and Barnes, William L. and Hess, Ortwin and Mariani, Eros},
  journal = {Phys. Rev. Lett.},
  volume = {110},
  issue = {10},
  pages = {106801},
  numpages = {6},
  year = {2013},
  month = {Mar},
  publisher = {American Physical Society},
  doi = {10.1103/PhysRevLett.110.106801},
  url = {https://link.aps.org/doi/10.1103/PhysRevLett.110.106801}
}

@article{Yang2016,
author = {Yang, Ankun and Hryn, Alexander J. and Bourgeois, Marc R. and Lee, Won-Kyu and Hu, Jingtian and Schatz, George C. and Odom, Teri W.}, 
title = {Programmable and reversible plasmon mode engineering},
volume = {113}, 
number = {50}, 
pages = {14201-14206}, 
year = {2016}, 
doi = {10.1073/pnas.1615281113}, 
abstract ={Plasmonic nanostructures with enhanced localized optical fields as well as narrow linewidths have driven advances in numerous applications. However, the active engineering of ultranarrow resonances across the visible regimeâand within a single systemâhas not yet been demonstrated. This paper describes how aluminum nanoparticle arrays embedded in an elastomeric slab may exhibit high-quality resonances with linewidths as narrow as 3 nm at wavelengths not accessible by conventional plasmonic materials. We exploited stretching to improve and tune simultaneously the optical response of as-fabricated nanoparticle arrays by shifting the diffraction mode relative to single-particle dipolar or quadrupolar resonances. This dynamic modulation of particleâparticle spacing enabled either dipolar or quadrupolar lattice modes to be selectively accessed and individually optimized. Programmable plasmon modes offer a robust way to achieve real-time tunable materials for plasmon-enhanced molecular sensing and plasmonic nanolasers and opens new possibilities for integrating with flexible electronics.}, 
URL = {http://www.pnas.org/content/113/50/14201.abstract}, 
eprint = {http://www.pnas.org/content/113/50/14201.full.pdf}, 
journal = {P. Natl. Acad. Sci.} 
}

@article{Kivshar2012,
author = {Liu, Wei and Miroshnichenko, Andrey E. and Neshev, Dragomir N. and Kivshar, Yuri S.},
title = {Broadband unidirectional scattering by magneto-electric core-shell nanoparticles},
journal = {ACS Nano},
volume = {6},
number = {6},
pages = {5489-5497},
year = {2012},
doi = {10.1021/nn301398a},


URL = {
        http://dx.doi.org/10.1021/nn301398a

},
eprint = {
        http://dx.doi.org/10.1021/nn301398a
}}

@article{Tsutomu2017,
author = {Tanaka, Yoshito Y. and Shimura, Tsutomu},
title = {Tridirectional polarization routing of light by a single triangular plasmonic nanoparticle},
journal = {Nano Lett.},
volume = {17},
number = {5},
pages = {3165-3170},
year = {2017},
doi = {10.1021/acs.nanolett.7b00672},


URL = {
        http://dx.doi.org/10.1021/acs.nanolett.7b00672

},
eprint = {
        http://dx.doi.org/10.1021/acs.nanolett.7b00672

}

}

@article{Smith2014,
author = {A. W. Powell and N. Hjerrild and A. A. R. Watt and H. E. Assender and J. M. Smith},
title = {Directional plasmonic scattering from metal nanoparticles in thin-film environments},
journal = {Appl. Phys. Lett.},
volume = {104},
number = {8},
pages = {081110},
year = {2014},
doi = {10.1063/1.4866669},

URL = {
        http://dx.doi.org/10.1063/1.4866669

},
eprint = {
        http://dx.doi.org/10.1063/1.4866669

}

}

@article{Polman2014,
author ={Coenen, Toon and Bernal Arango, Felipe and Femius Koenderink, A. and Polman, Albert},
title = {Directional emission from a single plasmonic scatterer},
journal = {Nat. Comm.},
year ={2014},
volume ={5},
pages ={3250},
URL = {http://dx.doi.org/10.1038/ncomms4250}
}

@article{Gamelin2014,
author = {Schimpf, Alina M. and Thakkar, Niket and Gunthardt, Carolyn E. and Masiello, David J. and Gamelin, Daniel R.},
title = {Charge-tunable quantum plasmons in colloidal semiconductor nanocrystals},
journal = {ACS Nano},
volume = {8},
number = {1},
pages = {1065-1072},
year = {2014},
doi = {10.1021/nn406126u},


URL = {
        http://dx.doi.org/10.1021/nn406126u

},
eprint = {
        http://dx.doi.org/10.1021/nn406126u

}

}

@book{schwinger1998classical,
  title={Classical Electrodynamics},
  author={Schwinger, J. and Deraad, L.L. and Milton, K. and Tsai, W. and Norton, J.},
  isbn={9780813346625},
  series={Advanced book program},
  url={https://books.google.com/books?id=SVz\_lRkP09kC},
  year={1998},
  publisher={Avalon Publishing}
}



@article{Dionne2011,
author = {Sheikholeslami, Sassan N. and Garc\'{i}a-Etxarri, Aitzol and Dionne, Jennifer A.},
title = {Controlling the interplay of electric and magnetic modes via {F}ano-like plasmon resonances},
journal = {Nano Lett.},
volume = {11},
number = {9},
pages = {3927-3934},
year = {2011},
doi = {10.1021/nl202143j},


URL = {
        http://dx.doi.org/10.1021/nl202143j

},
eprint = {
        http://dx.doi.org/10.1021/nl202143j

}

}

@article{Elsayed2008,
author = {Jain, Prashant K. and El-Sayed, Mostafa A.},
title = {Noble metal nanoparticle pairs: effect of medium for enhanced nanosensing},
journal = {Nano Lett.},
volume = {8},
number = {12},
pages = {4347-4352},
year = {2008},
doi = {10.1021/nl8021835},


URL = {
        http://dx.doi.org/10.1021/nl8021835

},
eprint = {
        http://dx.doi.org/10.1021/nl8021835

}

}


@article{Janipour2016,
author = {Mohsen Janipour and Kursat Sendur},
journal = {J. Opt. Soc. Am. B},
keywords = {Surface plasmons; Metamaterials; Plasmonics},
number = {8},
pages = {1627--1634},
publisher = {OSA},
title = {Theoretical model for optical properties of symmetric trimer nanoholes in a gold film},
volume = {33},
month = {Aug},
year = {2016},
url = {http://josab.osa.org/abstract.cfm?URI=josab-33-8-1627},
doi = {10.1364/JOSAB.33.001627},
}

@article{Nordlander2006,
author = {Brandl, Daniel W. and Mirin, Nikolay A. and Nordlander, Peter},
title = {Plasmon modes of nanosphere trimers and quadrumers},
journal = {J. Phys. Chem. B},
volume = {110},
number = {25},
pages = {12302-12310},
year = {2006},
doi = {10.1021/jp0613485},


URL = {
        http://dx.doi.org/10.1021/jp0613485

},
eprint = {
        http://dx.doi.org/10.1021/jp0613485

}

}


@article{Engheta2006,
author = {A. Al\`{u} and A. Salandrino and N. Engheta},
journal = {Opt. Express},
keywords = {Metals; Optical materials},
number = {4},
pages = {1557--1567},
publisher = {OSA},
title = {Negative effective permeability and left-handed materials at optical frequencies},
volume = {14},
month = {Feb},
year = {2006},
url = {http://www.opticsexpress.org/abstract.cfm?URI=oe-14-4-1557},
doi = {10.1364/OE.14.001557},
}

@article{ARPC,
author = {Charles Cherqui and Niket Thakkar and Guoliang Li and Jon P. Camden and David J. Masiello},
title = {Characterizing localized surface plasmons using electron energy-loss spectroscopy},
journal = {Ann. Rev. Phys. Chem.},
volume = {67},
number = {1},
pages = {331-357},
year = {2016},
doi = {10.1146/annurev-physchem-040214-121612},

URL = {
        https://doi.org/10.1146/annurev-physchem-040214-121612

},
eprint = {
        https://doi.org/10.1146/annurev-physchem-040214-121612

},
}

@article{Capolino2017,
  title = {Magnetic nanoantennas made of plasmonic nanoclusters for photoinduced magnetic field enhancement},
  author = {Darvishzadeh-Varcheie, Mahsa and Guclu, Caner and Capolino, Filippo},
  journal = {Phys. Rev. Appl.},
  volume = {8},
  issue = {2},
  pages = {024033},
  numpages = {14},
  year = {2017},
  month = {Aug},
  publisher = {American Physical Society},
  doi = {10.1103/PhysRevApplied.8.024033},
  url = {https://link.aps.org/doi/10.1103/PhysRevApplied.8.024033}
}

@article{CoPol2011,
author = {Toon Coenen and Ernst Jan R. Vesseur and Albert Polman},
title = {Angle-resolved cathodoluminescence spectroscopy},
journal = {Appl. Phys. Lett.},
volume = {99},
number = {14},
pages = {143103},
year = {2011},
doi = {10.1063/1.3644985},

URL = {
        https://doi.org/10.1063/1.3644985

},
eprint = {
        https://doi.org/10.1063/1.3644985

}

}

@article{Coenen2011,
author = {Coenen, Toon and Vesseur, Ernst Jan R. and Polman, Albert and Koenderink, A. Femius},
title = {Directional emission from plasmonic YagiâUda antennas probed by angle-resolved cathodoluminescence spectroscopy},
journal = {Nano Lett.},
volume = {11},
number = {9},
pages = {3779-3784},
year = {2011},
doi = {10.1021/nl201839g},

URL = {
        http://dx.doi.org/10.1021/nl201839g

},
eprint = {
        http://dx.doi.org/10.1021/nl201839g

}

}



@article{Abajo2013,
  author={Asenjo-Garcia, A. and Garc\'{i}a de Abajo, F. J.},
  title={Plasmon electron energy-gain spectroscopy},
  journal={New J. Phys.},
  volume={15},
  number={10},
  pages={103021},
  url={http://stacks.iop.org/1367-2630/15/i=10/a=103021},
  year={2013},

}

@article{Raschke2015,
  title = {Optical dielectric function of silver},
  author = {Yang, Honghua U. and D'Archangel, Jeffrey and Sundheimer, Michael L. and Tucker, Eric and Boreman, Glenn D. and Raschke, Markus B.},
  journal = {Phys. Rev. B},
  volume = {91},
  issue = {23},
  pages = {235137},
  numpages = {11},
  year = {2015},
  month = {Jun},
  publisher = {American Physical Society},
  doi = {10.1103/PhysRevB.91.235137},
  url = {https://link.aps.org/doi/10.1103/PhysRevB.91.235137}
}

@inbook {Economou1974,
title = {Surface plasma oscillations and related surface effects in solids},
author = {Economou, E. N. and Ngai, K. L.},
publisher = {John Wiley \& Sons, Inc.},
isbn = {9780470143797},
url = {http://dx.doi.org/10.1002/9780470143797.ch3},
doi = {10.1002/9780470143797.ch3},
pages = {265--354},
keywords = {solid-state plasma, Boltzmann-Vlasov equation approach, dielectric function, plasma oscillations, surface plasmon interaction},
booktitle = {Advances in Chemical Physics},
year = {2007},
}

@article{Cai2007,
author = {Cai, Wenshan and Chettiar, Uday K. and Kildishev, Alexander V. and Shalaev, Vladimir M.},
title = {Optical cloaking with metamaterials},
journal = {Nat. Photonics},
year = {2007},
volume = {1},
pages = {224},}

@article{Pinchuk07,
author = {Anatoliy O. Pinchuk and George C. Schatz},
journal = {J. Opt. Soc. Am. A},
keywords = {Thin films; Surface plasmons; Electromagnetic optics},
number = {10},
pages = {A39--A44},
publisher = {OSA},
title = {Metamaterials with gradient negative index of refraction},
volume = {24},
month = {Oct},
year = {2007},
url = {http://josaa.osa.org/abstract.cfm?URI=josaa-24-10-A39},
doi = {10.1364/JOSAA.24.000A39},
}

@article{Ferrari09,
author = {Jos\'{e} A. Ferrari and C\'{e}sar D. Perciante},
journal = {J. Opt. Soc. Am. A},
keywords = {Physical optics; Electromagnetic optics},
number = {1},
pages = {78--84},
publisher = {OSA},
title = {Superlenses, metamaterials, and negative refraction},
volume = {26},
month = {Jan},
year = {2009},
url = {http://josaa.osa.org/abstract.cfm?URI=josaa-26-1-78},
doi = {10.1364/JOSAA.26.000078},
}

@article{Pendry03,
author = {J. B. Pendry},
journal = {Opt. Express},
keywords = {},
number = {7},
pages = {639--639},
publisher = {OSA},
title = {Focus issue: negative refraction and metamaterials},
volume = {11},
month = {Apr},
year = {2003},
url = {http://www.opticsexpress.org/abstract.cfm?URI=oe-11-7-639},
doi = {10.1364/OE.11.000639},
}

@article{Hohenester2014,
title = "Simulating electron energy loss spectroscopy with the {MNPBEM} toolbox",
journal = "Comp. Phys. Comm.",
volume = "185",
number = "3",
pages = "1177 - 1187",
year = "2014",
issn = "0010-4655",
doi = "https://doi.org/10.1016/j.cpc.2013.12.010",
url = "http://www.sciencedirect.com/science/article/pii/S0010465513004220",
author = "Ulrich Hohenester",
keywords = "Plasmonics, Metallic nanoparticles, Boundary element method, Electron energy loss spectroscopy (EELS)"
}

@article {Prodan2003,
  author = {Prodan, E. and Radloff, C. and Halas, N. J. and Nordlander, P.},
  title = {A hybridization model for the plasmon response of complex nanostructures},
  volume = {302},
  number = {5644},
  pages = {419-422},
  year = {2003},
  doi = {10.1126/science.1089171},
  publisher = {American Association for the Advancement of Science},
  issn = {0036-8075},
  URL = {http://science.sciencemag.org/content/302/5644/419},
  eprint = {http://science.sciencemag.org/content/302/5644/419.full.pdf},
  journal = {Science}
}

@article{Shalaev2004,
author = { Andrey K. Sarychev and Vladimir M. Shalaev},
title = {Magnetic resonance in metal nanoantennas},
journal = {Proc. SPIE},
volume = {5508},
number = {},

year = {2004},
doi = {10.1117/12.560547},
URL = {https://doi.org/10.1117/12.560547},
eprint = {}
}

@article{Tian2018,
author = {Chen, Shu and Zhang, Yuejiao and Shih, Tien-Mo and Yang, Weimin and Hu, Shu and Hu, Xiaoyan and Li, Jianfeng and Ren, Bin and Mao, Bingwei and Yang, Zhilin and Tian, Zhongqun},
title = {Plasmon-Induced Magnetic Resonance Enhanced {R}aman Spectroscopy},
journal = {Nano Lett.},
year = {Article ASAP},

doi = {10.1021/acs.nanolett.7b04385},
    

URL = { 
        https://doi.org/10.1021/acs.nanolett.7b04385
    
},
eprint = { 
        https://doi.org/10.1021/acs.nanolett.7b04385
    
}

}

@article{Fakhraai2018,
author = {Li, Chen and Lee, Sunghee and Qian, Zhaoxia and Woods, Connor and Park, So-Jung and Fakhraai, Zahra},
title = {Controlling magnetic dipole resonance in raspberry-like metamolecules},
journal = {J. Phys. Chem. C},
volume = {122},
number = {12},
pages = {6808-6817},
year = {2018},
doi = {10.1021/acs.jpcc.8b00439},

URL = { 
        https://doi.org/10.1021/acs.jpcc.8b00439
    
},
eprint = { 
        https://doi.org/10.1021/acs.jpcc.8b00439
    
}

}

@article{Scherer2018,
author = { John  Parker and Stephen Gray and Norbert F. Scherer},
title = {Optical magnetism in core-satellite nanostructures excited by vector beams},
journal = {Proc. SPIE},
volume = {10541},
number = {},

year = {2018},
doi = {10.1117/12.2290877},
URL = {https://doi.org/10.1117/12.2290877},
eprint = {}
}

@article{AbajoRevMod,
  title = {Optical excitations in electron microscopy},
  author = {Garc\'{i}a de Abajo, F. J.},
  journal = {Rev. Mod. Phys.},
  volume = {82},
  issue = {1},
  pages = {209-275},
  numpages = {66},
  year = {2010},
  month = {Feb},
  publisher = {American Physical Society},
  doi = {10.1103/RevModPhys.82.209},
  url = {https://link.aps.org/doi/10.1103/RevModPhys.82.209}
}


@article{vanAiken,
  author={Nahid Talebi and Wilfried Sigle and Ralf Vogelgesang and Peter van Aken},
  title={Numerical simulations of interference effects in photon-assisted electron energy-loss spectroscopy},
  journal={New Journal of Physics},
  volume={15},
  number={5},
  pages={053013},
  url={http://stacks.iop.org/1367-2630/15/i=5/a=053013},
  year={2013},
  abstract={Although the electromagnetic resonances of individual nanostructures can be studied by electron or photon interactions alone, exciting new possibilities open up through the simultaneous use of both. In photon-induced near-field electron microscopy (PINEM), for example, single nanostructures are optically excited by short, intense pulses and concurrently imaged with high spatial resolution by fast electrons, which act as negligible probes of electric fields. Controlling their relative arrival time provides access to the dynamics of the electromagnetic response in the near field by recording images of the electron energy loss (or gain) spectra. In this paper, we investigate the transition from optically dominated PINEM to conventional, electron-dominated electron energy-loss spectroscopy (EELS). During the systematic reduction of optical excitation intensity to zero, a novel electro-optical interference effect emerges. It reveals itself at those optical field strengths that lead to prominently visible constructive and destructive interference patterns of the optical and electron radiation fields which are scattered by a nanostructure. The interference patterns reported here allow one to achieve higher temporal, energy and spatial resolutions of the modal dynamics in electron microscopy.}
}


@book{Franken,
author = {Franken, Peter Alden and Sands, Richard H.},
year = {1959},
publisher = {Ann Arbor Conference on Optical Pumping, University of Michigan},
city = {Ann Arbor}
}

@article{Ruler,
author = {Hill, Ryan T. and Mock, Jack J. and Hucknall, Angus and Wolter, Scott D. and Jokerst, Nan M. and Smith, David R. and Chilkoti, Ashutosh},
title = {Plasmon ruler with angstrom length resolution},
journal = {ACS Nano},
volume = {6},
number = {10},
pages = {9237-9246},
year = {2012},
doi = {10.1021/nn3035809},
    note ={PMID: 22966857},

URL = { 
        https://doi.org/10.1021/nn3035809
    
},
eprint = { 
        https://doi.org/10.1021/nn3035809
    
}

}

@article{ThakkarLandau,
  title = {Plasmonic {L}andau damping in active environments},
  author = {Thakkar, Niket and Montoni, Nicholas P. and Cherqui, Charles and Masiello, David J.},
  journal = {Phys. Rev. B},
  volume = {97},
  number = {12},
  pages = {1403-1409},
  numpages = {6},
  year = {2018},
  publisher = {American Physical Society},
  doi = {10.1103/PhysRevB.97.121403},
  url = {https://link.aps.org/doi/10.1103/PhysRevB.97.121403}
}

@article{SERS,
author = {Zhang, R. and Zhang, Y. and Dong, Z. C. and Jiang, S. and Zhang, C. and Chen, L. G. and Zhang, L. and Liao, Y. and Aizpurua, J. and Luo, Y. and Yang, J. L. and Hou, J. G.},
title = {Chemical mapping of a single molecule by plasmon-enhanced {R}aman scattering},
journal = {Nature},
year = {2013},
volume = {498},
pages = {82-86},
}

@article{PINEM,
author = {Barwick, Brett and Flannigan, David J. and Zewail, Ahmed H.},
title = {Photon-induced near-field electron microscopy},
journal = {Nature},
year = {2009},
volume = {462},
pages = {902-906},
}

@article{EEGS,
  author={A. Asenjo-Garcia and F. J. Garc\'{i}a de Abajo},
  title={Plasmon electron energy-gain spectroscopy},
  journal={New Journal of Physics},
  volume={15},
  number={10},
  pages={103021},
  url={http://stacks.iop.org/1367-2630/15/i=10/a=103021},
  year={2013},
  abstract={We explore multiple energy losses and gains undergone by swift electrons interacting with resonant evanescent light fields. We predict remarkably high gain probabilities in the range of a percentage when the electrons are passing near a resonant plasmonic structure under continuous-wave illumination conditions with moderate laser intensitiesÂ â¼Â 10 8Â WÂ m â2 . Additionally, we observe fine structure in the dependence of the gain and loss probabilities on the light wavelength, which reveals a complex interplay between multiple plasmonâelectron interactions. These results constitute a solid basis for the development of a new spectroscopy technique based upon the analysis of energy gains, capable of rendering information on the optical properties of the sampled resonant nanostructures. We illustrate this concept for plasmon-supporting noble metal nanoparticles.}
}


@article{enz,
  title = {Epsilon-near-zero metamaterials and electromagnetic sources: Tailoring the radiation phase pattern},
  author = {Al\`u, Andrea and Silveirinha, M\'ario G. and Salandrino, Alessandro and Engheta, Nader},
  journal = {Phys. Rev. B},
  volume = {75},
  issue = {15},
  pages = {155410},
  numpages = {13},
  year = {2007},
  month = {Apr},
  publisher = {American Physical Society},
  doi = {10.1103/PhysRevB.75.155410},
  url = {https://link.aps.org/doi/10.1103/PhysRevB.75.155410}
}

@article{LennardJones,
author = {Lennard-Jones, J. E.},
title = {The electronic structure of some diatomic molecules},
journal = {T. Faraday Soc.},
volume = {25},
year = {1929},
pages = {668-686}
}

@article{Chen17,
author = {Jing Chen and Wenfang Fan and Tao Zhang and Chaojun Tang and Xingyu Chen and Jingjing Wu and Danyang Li and Ying Yu},
journal = {Opt. Express},
keywords = {Surface waves; Metamaterials; Optical sensing and sensors},
number = {4},
pages = {3675-3681},
publisher = {OSA},
title = {Engineering the magnetic plasmon resonances of metamaterials for high-quality sensing},
volume = {25},
month = {Feb},
year = {2017},
url = {http://www.opticsexpress.org/abstract.cfm?URI=oe-25-4-3675},
doi = {10.1364/OE.25.003675},
}

@ARTICLE{Chen16, 
author={J. Chen and T. Zhang and C. Tang and P. Mao and Y. Liu and Y. Yu and Z. Liu}, 
journal={IEEE Photonics Tech. L.}, 
title={Optical magnetic field enhancement via coupling magnetic plasmons to optical cavity modes}, 
year={2016}, 
volume={28}, 
number={14}, 
pages={1529-1532}, 
keywords={magnetic resonance;magneto-optical sensors;optical metamaterials;FP cavity;Fabry-PeÌrot cavities;Rabi-type splitting;bare metamaterials;electron volt energy 78 meV;enhancement factor;hybridized MP modes;magnetic nonlinearity;magnetic plasmons;magnetic resonances;magnetic sensor;maximal magnetic field intensity;optical cavity modes;optical magnetic field enhancement;reflection spectra;resonant positions;strong coupling;Cavity resonators;Couplings;Gold;Magnetic fields;Optical coupling;Optical reflection;Optical sensors;Metamaterials;Rabi-type splitting;magnetic field enhancement;magnetic plasmons;optical cavity mode;optical strong coupling}, 
doi={10.1109/LPT.2016.2556220}, 
ISSN={1041-1135}, 
month={July},}

@article{Chen15,
author = {Jing Chen and Peng Mao and Rongqing Xu and Chaojun Tang and Yuanjian Liu and Qiugu Wang and Labao Zhang},
journal = {Opt. Express},
keywords = {Surface waves; Metamaterials; Plasmonics},
number = {12},
pages = {16238-16245},
publisher = {OSA},
title = {Strategy for realizing magnetic field enhancement based on diffraction coupling of magnetic plasmon resonances in embedded metamaterials},
volume = {23},
month = {Jun},
year = {2015},
url = {http://www.opticsexpress.org/abstract.cfm?URI=oe-23-12-16238},
doi = {10.1364/OE.23.016238},}

@article{Zheludev2016,
  title = {Toroidal dipole excitations in metamolecules formed by interacting plasmonic nanorods},
  author = {Watson, Derek W. and Jenkins, Stewart D. and Ruostekoski, Janne and Fedotov, Vassili A. and Zheludev, Nikolay I.},
  journal = {Phys. Rev. B},
  volume = {93},
  issue = {12},
  pages = {125420-125432},
  year = {2016},
  month = {Mar},
  publisher = {American Physical Society},
  doi = {10.1103/PhysRevB.93.125420},
  url = {https://link.aps.org/doi/10.1103/PhysRevB.93.125420}
}

@article{Yang2013,
  author={Q. W. Ye and L. Y. Guo and M. H. Li and Y. Liu and B. X. Xiao and H. L. Yang},
  title={The magnetic toroidal dipole in steric metamaterial for permittivity sensor application},
  journal={Phys. Scripta},
  volume={88},
  number={5},
  pages={055002},
  url={http://stacks.iop.org/1402-4896/88/i=5/a=055002},
  year={2013},
  abstract={A new kind of metamaterial composed of metallic split-ring structure arranged in a two-dimensional array is designed, which shows the multipoles' resonances, especially the magnetic toroidal dipolar (MTD) resonance. The calculated scattering power proves that the resonance at 14.416Â GHz is mainly excited by MTD response. Compared with the other two resonances excited by normal multipoles, MTD response has the strongest dependence on permittivity of substrate and background material, which has potential applications on permittivity sensor.}
}

@article{Wang17,
author = {Jing Wang and Nan Wang and Jinhui Hu and Ruibin Jiang},
journal = {Opt. Express},
keywords = {Surface plasmons; Mie theory; Scattering, particles},
number = {23},
pages = {28935-28945},
publisher = {OSA},
title = {Toroidal dipole-induced absorption and scattering dip in (dielectric core)@(plasmonic shell) nanostructures},
volume = {25},
month = {Nov},
year = {2017},
url = {http://www.opticsexpress.org/abstract.cfm?URI=oe-25-23-28935},
doi = {10.1364/OE.25.028935},
}

@article{Draine1993,
author = {Draine, B. T. and Goodman, J.},
title ={Beyond Clausius-Mossotti - Wave propagation on a polarizable point lattice and the discrete dipole approximation},
journal = {Astrophys. J.},
volume = {405},
number = {2},
year = {1993},
pages = {685-697}}

@article{Noguez,
author = {Noguez, C.},
title = {Surface plasmons on metal nanoparticles: the influence of shape and physical environment},
journal = {J. Phys. Chem. C},
volume = {111},
number = {10},
year = {2007},
pages = {3806-3819}}

@article{Ogut2012toroidal,
author = {\"{O}g\"{u}t, Burcu and Talebi, Nahid and Vogelgesang, Ralf and Sigle, Wilfried and van Aken, Peter A.},
title = {Toroidal plasmonic eigenmodes in oligomer nanocavities for the visible},
journal = {Nano Letters},
volume = {12},
number = {10},
pages = {5239-5244},
year = {2012},
doi = {10.1021/nl302418n},
    note ={PMID: 22935079},

URL = { 
        https://doi.org/10.1021/nl302418n
    
},
eprint = { 
        https://doi.org/10.1021/nl302418n
    
}

}

@article{maiman,
  author = {Maiman, T. H.},
  title = {Stimulated optical radiation in ruby},
  journal = {Nat.},
  volume = {187},
  pages = {493},
  year = {1960}
}

@article{me_mag,
author = {Montoni, Nicholas P. and Quillin, Steven C. and Cherqui, Charles and Masiello, David J.},
title = {Tunable spectral ordering of magnetic plasmon resonances in noble metal nanoclusters},
journal = {ACS Photonics},
note = {[Online Early Access]. DOI: 10.1021/acsphotonics.8b00519. Published online: May 18, 2018.},
doi = {10.1021/acsphotonics.8b00519},

URL = {
        https://doi.org/10.1021/acsphotonics.8b00519

},
eprint = {
        https://doi.org/10.1021/acsphotonics.8b00519

}

}

@article{me_prisms,
author = {Griffin, Sarah and Montoni, Nicholas P. and Li, Guoliang and Straney, Patrick J. and Millstone, Jill E. and Masiello, David J. and Camden, Jon P.},
title = {Imaging energy transfer in {P}t-decorated {A}u nanoprisms via electron energy-loss spectroscopy},
journal = {The Journal of Physical Chemistry Letters},
volume = {7},
number = {19},
pages = {3825-3832},
year = {2016},
doi = {10.1021/acs.jpclett.6b01878},
    note ={PMID: 27617864},

URL = {
        https://doi.org/10.1021/acs.jpclett.6b01878

},
eprint = {
        https://doi.org/10.1021/acs.jpclett.6b01878

}

}

@article{Ritchieplasma,
  title = {Plasma losses by fast electrons in thin films},
  author = {Ritchie, R. H.},
  journal = {Phys. Rev.},
  volume = {106},
  issue = {5},
  pages = {874-881},
  numpages = {0},
  year = {1957},
  month = {Jun},
  publisher = {American Physical Society},
  doi = {10.1103/PhysRev.106.874},
  url = {https://link.aps.org/doi/10.1103/PhysRev.106.874}
}
